% Encoding: UTF-8

@Book{Meier2016,
  author    = {Andreas Meier and Michael Kaufmann},
  title     = {SQL- \& NoSQL-Datenbanken},
  year      = {2016},
  date      = {2016-07-01},
  edition   = {Eighth},
  publisher = {Springer Berlin Heidelberg},
  isbn      = {978-3-662-47664-2},
  doi       = {10.1007/978-3-662-47664-2},
  url       = {http://www.ebook.de/de/product/27958940/andreas_meier_michael_kaufmann_sql_nosql_datenbanken.html},
  ean       = {9783662476642},
  keywords  = {Sql, NoSql, Big Data},
  owner     = {mlelansky},
  timestamp = {2017.07.10},
}

@Book{Edlich2011,
  author    = {Stefan Edlich and Achim Friedland and Jens Hampe and Benjamin Brauer and Markus Br√ºckner},
  title     = {NoSql - Einstieg in die Welt nichtrelationaler 2.0 Web Datenbanken},
  year      = {2011},
  date      = {2011-09-01},
  edition   = {Second},
  publisher = {Hanser, Carl},
  isbn      = {978-3-446-42855-3},
  url       = {http://www.ebook.de/de/product/16335932/stefan_edlich_achim_friedland_jens_hampe_benjamin_brauer_markus_brueckner_nosql.html},
  comment   = {Good Book about NoSql (History, Kind of Systems, Characteristics)},
  ean       = {9783446428553},
  keywords  = {NoSql},
  owner     = {mlelansky},
  timestamp = {2017.07.10},
}

@MastersThesis{Hadjigeorgiov2013,
  author      = {Christoforos Hadjigeorgiov},
  title       = {RDBMS vs NoSql: Perforance and Scaling Comparison},
  institution = {University of Edinburgh},
  year        = {2013},
  date        = {2013-03-23},
  type        = {mathesis},
  comment     = {The thesis compares MySql and MongoDB with a schema transformation and makes a benchmark test.},
  keywords    = {MySql, NoSql, MongoDB},
  owner       = {mlelansky},
  timestamp   = {2017.07.10},
}

@Online{Redis2010,
  author    = {Redis},
  title     = {Redis Documentation},
  year      = {2010},
  url       = {http://www.redis.io},
  urldate   = {2017-07-10},
  comment   = {The redis userdocumentation.},
  keywords  = {NoSql, Redis},
  owner     = {mlelansky},
  timestamp = {2017.07.10},
}

@Online{Memcached2015,
  author    = {Memcached},
  title     = {Memcached Documentation},
  year      = {2015},
  url       = {http://www.memcached.org},
  urldate   = {2017-07-10},
  owner     = {mlelansky},
  timestamp = {2017.07.10},
}

@Online{,
  author    = {Datenbanken Online Lexikon},
  title     = {Datenbanken: NoSQL-Datenmodelle und -Systeme},
  year      = {2012},
  date      = {2012-11-01},
  url       = {http://lwibs01.gm.fh-koeln.de/wikis/wiki_db/index.php?n=Datenbanken.NoSQL},
  urldate   = {2017-07-10},
  owner     = {mlelansky},
  timestamp = {2017.07.10},
}

@Comment{jabref-meta: databaseType:biblatex;}
